<?xml version="1.0" encoding="UTF-8"?><collection xmlns="http://www.loc.gov/MARC21/slim"><record><leader>00361nam--2200133-i-4500</leader><controlfield tag="001">000032782</controlfield><controlfield tag="002">20161230</controlfield><controlfield tag="005">20161230201039</controlfield><controlfield tag="008">060222s1000------------r-----000-0-eng-d</controlfield><datafield ind1=" " ind2=" " tag="080"><subfield code="a">541.8</subfield></datafield><datafield ind1=" " ind2=" " tag="100"><subfield code="a">Moelwyn-hughes, E.A</subfield></datafield><datafield ind1=" " ind2=" " tag="245"><subfield code="a">The kinetics of reactions in solution. second edition</subfield></datafield><datafield ind1=" " ind2=" " tag="260"><subfield code="a">Oxford, At The Clarendon Press, 1947, Vi + 424p</subfield></datafield><datafield ind1=" " ind2=" " tag="852"><subfield code="a">968</subfield></datafield></record></collection>